@article{zardoua-2021,
  doi = {10.1007/s00371-021-02321-0},
  url = {https://doi.org/10.1007/s00371-021-02321-0},
  year = {2021},
  month = oct,
  publisher = {Springer Science and Business Media {LLC}},
  volume = {39},
  number = {1},
  pages = {197--217},
  author = {Yassir Zardoua and Abdelali Astito and Mohammed Boulaala},
  title = {A survey on horizon detection algorithms for maritime video surveillance: advances and future techniques},
  journal = {The Visual Computer}
}

@inproceedings{bovcon-2020,
  author={Bovcon, Borja and Kristan, Matej},
  booktitle={2020 IEEE International Conference on Robotics and Automation (ICRA)}, 
  title={A water-obstacle separation and refinement network for unmanned surface vehicles}, 
  year={2020},
  volume={},
  number={},
  pages={9470-9476},
  doi={10.1109/ICRA40945.2020.9197194}
}

@article{prasad-2017,
  author={Prasad, Dilip K. and Rajan, Deepu and Rachmawati, Lily and Rajabally, Eshan and Quek, Chai},
  journal={IEEE Transactions on Intelligent Transportation Systems}, 
  title={Video Processing From Electro-Optical Sensors for Object Detection and Tracking in a Maritime Environment: A Survey}, 
  year={2017},
  volume={18},
  number={8},
  pages={1993-2016},
  doi={10.1109/TITS.2016.2634580}
}

@inproceedings{zhan-2017,
  author={Zhan, Wenqiang and Xiao, Changshi and Yuan, Haiwen and Wen, Yuanqiao},
  booktitle={2017 Seventh International Conference on Image Processing Theory, Tools and Applications (IPTA)}, 
  title={Effective Waterline detection for unmanned surface vehicles in inland water}, 
  year={2017},
  volume={},
  number={},
  pages={1-6},
  doi={10.1109/IPTA.2017.8310127}
}

@inproceedings{gao-2007,
  author={Gao, Yuan and Hu, Shaohai and Miao, Zhenjiang and Xu, Shuwen},
  booktitle={Second International Conference on Innovative Computing, Informatio and Control (ICICIC 2007)}, 
  title={Research on Seaskyline Detection in Complex Sea Background}, 
  year={2007},
  volume={},
  number={},
  pages={452-452},
  doi={10.1109/ICICIC.2007.485}
}

