
@book{ DummitFoote,
  author    = {David S. Dummit and Richard M. Foote},
  title     = {Abstract Algebra},
  edition   = {3},
  publisher = {John Wiley \& Sons},
  year      = {2003}
}

@book{ Algebra,
  author         = {Jacob K. Goldhaber amd Gertrude Ehrlich},
  editor         = {Carl B. Allendoerfer},
  publisher      = {Macmillan},
  title          = {Algebra},
  year           = {1970}
}
